@inproceedings{bregier2004mas,
    author =    "T. Otto and B. Lop",
    title =     "An obscure title",
    booktitle = "Conference that does not exist",
    year =      "2007",
    month =     "June",
    address =   "Atlantis, Atlantide",
}
