
@misc{catharina_context_2002,
	title = {Context Aware Management Architecture},
	author = {Catharina, Candolin and Kari},
	year = {2002},
	file = {Catharina, Kari - 2002 - Context Aware Management Architecture.txt:/home/ghis/.zotero/zotero/0dsl40ro.default/zotero/storage/INAZ57S7/Catharina, Kari - 2002 - Context Aware Management Architecture.txt:text/plain}
}

@article{winograd_architectures_2001,
	title = {Architectures for context},
	volume = {16},
	url = {http://dl.acm.org/citation.cfm?id=1463126},
	number = {2},
	urldate = {2014-04-04},
	journal = {Human-Computer Interaction},
	author = {Winograd, Terry},
	year = {2001},
	pages = {401–419},
	file = {Winograd - 2001 - Architectures for Context.pdf:/home/ghis/.zotero/zotero/0dsl40ro.default/zotero/storage/PJQEQTIS/Winograd - 2001 - Architectures for Context.pdf:application/pdf}
}

@article{voida_integrating_2002,
	title = {Integrating virtual and physical context to support knowledge workers},
	volume = {1},
	url = {http://citeseerx.ist.psu.edu/viewdoc/download?doi=10.1.1.58.5883&rep=rep1&type=pdf},
	number = {3},
	urldate = {2014-04-04},
	journal = {{IEEE} Pervasive Computing},
	author = {Voida, Stephen and Mynatt, Elizabeth D. and MacIntyre, Blair and Corso, Gregory M.},
	year = {2002},
	pages = {73–79},
	file = {Voida et al. - 2002 - Integrating virtual and physical context to support knowledge workers.pdf:/home/ghis/.zotero/zotero/0dsl40ro.default/zotero/storage/VCPPSVKD/Voida et al. - 2002 - Integrating virtual and physical context to support knowledge workers.pdf:application/pdf}
}

@inproceedings{strang_context_2004,
	title = {A context modeling survey},
	url = {http://elib.dlr.de/7444/},
	urldate = {2014-04-04},
	booktitle = {Workshop Proceedings},
	author = {Strang, Thomas and Linnhoff-Popien, Claudia},
	year = {2004},
	file = {Strang, Linnhoff-Popien - 2004 - A context modeling survey.pdf:/home/ghis/.zotero/zotero/0dsl40ro.default/zotero/storage/KBS6P7N3/Strang, Linnhoff-Popien - 2004 - A context modeling survey.pdf:application/pdf}
}

@article{schmidt_there_1999,
	title = {There is more to context than location},
	volume = {23},
	url = {http://www.sciencedirect.com/science/article/pii/S009784939900120X},
	number = {6},
	urldate = {2014-04-04},
	journal = {Computers \& Graphics},
	author = {Schmidt, Albrecht and Beigl, Michael and Gellersen, Hans-W.},
	year = {1999},
	pages = {893–901},
	file = {Schmidt, Beigl, Gellersen - 1999 - There is more to context than location.pdf:/home/ghis/.zotero/zotero/0dsl40ro.default/zotero/storage/45XW67AX/Schmidt, Beigl, Gellersen - 1999 - There is more to context than location.pdf:application/pdf}
}

@article{hong_infrastructure_2001,
	title = {An infrastructure approach to context-aware computing},
	volume = {16},
	url = {http://dl.acm.org/citation.cfm?id=1463119},
	number = {2},
	urldate = {2014-04-04},
	journal = {Human-Computer Interaction},
	author = {Hong, Jason I. and Landay, James A.},
	year = {2001},
	pages = {287–303},
	file = {Hong, Landay - 2001 - An Infrastructure Approach to Context-Aware Computing.pdf:/home/ghis/.zotero/zotero/0dsl40ro.default/zotero/storage/PMRHBS6T/Hong, Landay - 2001 - An Infrastructure Approach to Context-Aware Computing.pdf:application/pdf}
}

@inproceedings{ebling_issues_2001,
	title = {Issues for context services for pervasive computing},
	url = {http://cs.brown.edu/nsfmobile/GuerneyHunt.pdf},
	urldate = {2014-04-04},
	booktitle = {Middleware 2001 Workshop on Middleware for Mobile Computing, Heidelberg},
	author = {Ebling, Maria and Hunt, Guerney DH and Lei, Hui},
	year = {2001},
	file = {Ebling, Hunt, Lei - 2002 - Issues for Context Services for Pervasive Computing Uses of Context.pdf:/home/ghis/.zotero/zotero/0dsl40ro.default/zotero/storage/7NHGTC55/Ebling, Hunt, Lei - 2002 - Issues for Context Services for Pervasive Computing Uses of Context.pdf:application/pdf}
}

@article{dey_conceptual_2001,
	title = {A conceptual framework and a toolkit for supporting the rapid prototyping of context-aware applications},
	volume = {16},
	url = {http://dl.acm.org/citation.cfm?id=1463110},
	number = {2},
	urldate = {2014-04-04},
	journal = {Human-computer interaction},
	author = {Dey, Anind K. and Abowd, Gregory D. and Salber, Daniel},
	year = {2001},
	pages = {97–166},
	file = {Dey, Abowd, Salber - 2001 - A Conceptual Framework and a Toolkit for Supporting the Rapid Prototyping of Context-Aware Applications.pdf:/home/ghis/.zotero/zotero/0dsl40ro.default/zotero/storage/FGE2RK9I/Dey, Abowd, Salber - 2001 - A Conceptual Framework and a Toolkit for Supporting the Rapid Prototyping of Context-Aware Applications.pdf:application/pdf}
}

@phdthesis{dey_providing_2000,
	title = {Providing architectural support for building context-aware applications},
	url = {http://www.researchgate.net/publication/27525468_Providing_architectural_support_for_building_context-aware_applications/file/79e415136b7245d03a.pdf},
	urldate = {2014-04-04},
	school = {Georgia Institute of Technology},
	author = {Dey, Anind K.},
	year = {2000},
	file = {Dey - 2000 - Providing architectural support for building context-aware applications.pdf:/home/ghis/.zotero/zotero/0dsl40ro.default/zotero/storage/SH4F65EF/Dey - 2000 - Providing architectural support for building context-aware applications.pdf:application/pdf}
}

@inproceedings{chen_intelligent_2003,
	title = {An intelligent broker for context-aware systems},
	volume = {3},
	url = {http://aisl.umbc.edu/get/softcopy/id/788/788.pdf},
	urldate = {2014-04-04},
	booktitle = {Adjunct proceedings of Ubicomp},
	author = {Chen, Harry and Finin, Tim and Joshi, Anupam},
	year = {2003},
	pages = {183–184},
	file = {Chen, Finin, Joshi - 2003 - An intelligent broker for context-aware systems.pdf:/home/ghis/.zotero/zotero/0dsl40ro.default/zotero/storage/6ZEA36QU/Chen, Finin, Joshi - 2003 - An intelligent broker for context-aware systems.pdf:application/pdf}
}

@article{ackerman_privacy_2001,
	title = {Privacy in context},
	volume = {16},
	url = {http://www.tandfonline.com/doi/abs/10.1207/S15327051HCI16234_03},
	number = {2-4},
	urldate = {2014-04-04},
	journal = {Human–Computer Interaction},
	author = {Ackerman, Mark and Darrell, Trevor and Weitzner, Daniel J.},
	year = {2001},
	pages = {167–176},
	file = {Ackerman, Darrell, Weitzner - 2001 - Privacy in Context.pdf:/home/ghis/.zotero/zotero/0dsl40ro.default/zotero/storage/4EZNTBS4/Ackerman, Darrell, Weitzner - 2001 - Privacy in Context.pdf:application/pdf}
}

@article{abowd_context-aware_2002,
	title = {Context-aware computing [Guest Editors' Intro.]},
	volume = {1},
	url = {http://ieeexplore.ieee.org/xpls/abs_all.jsp?arnumber=1037718},
	number = {3},
	urldate = {2014-04-04},
	journal = {Pervasive Computing, {IEEE}},
	author = {Abowd, Gregory D. and Ebling, Maria and Hung, G. and Lei, Hui and Gellersen, Hans-Werner},
	year = {2002},
	pages = {22–23},
	file = {Abowd, Ebling, Hung - 2002 - Context-aware computing.pdf:/home/ghis/.zotero/zotero/0dsl40ro.default/zotero/storage/7CCSB6IH/Abowd, Ebling, Hung - 2002 - Context-aware computing.pdf:application/pdf}
}

@article{korpipaa_ontology_2003,
	title = {An ontology for mobile device sensor-based context awareness},
	author = {Korpipää and Mäntyjärvi},
	year = {2003},
	file = {Korpipää, Mäntyjärvi - 2003 - An ontology for mobile device sensor-based context awareness.pdf:/home/ghis/.zotero/zotero/0dsl40ro.default/zotero/storage/5CG94II6/Korpipää, Mäntyjärvi - 2003 - An ontology for mobile device sensor-based context awareness.pdf:application/pdf}
}

@article{kagal_policy_2005,
	title = {A policy language for a pervasive computing environment},
	author = {Kagal and Finin},
	year = {2005},
	file = {Kagal, Finin - Unknown - A policy language for a pervasive computing environment.pdf:/home/ghis/.zotero/zotero/0dsl40ro.default/zotero/storage/S2R2BMU2/Kagal, Finin - Unknown - A policy language for a pervasive computing environment.pdf:application/pdf}
}

@article{dey_understanding_2001,
	title = {Understanding and Using Context},
	author = {Dey},
	year = {2001},
	file = {Dey - 2001 - Understanding and Using Context.pdf:/home/ghis/.zotero/zotero/0dsl40ro.default/zotero/storage/WHT29BPA/Dey - 2001 - Understanding and Using Context.pdf:application/pdf}
}

@article{abowd_baltzer_1997,
	title = {Baltzer Journals September 23, 1996},
	author = {Abowd, Gregory D. and Atkeson, Christopher G. and Hong, Jason and Long, Sue and Kooper, Rob and Pinkerton, Mike},
	year = {1997},
	file = {Abowd et al. - 1997 - Cyberguide a mobile context-aware tour guide.pdf:/home/ghis/.zotero/zotero/0dsl40ro.default/zotero/storage/C9N7QPBR/Abowd et al. - 1997 - Cyberguide a mobile context-aware tour guide.pdf:application/pdf}
}